@Article{Perkins2020,
  author    = {W. Andre Perkins and Greg Hakim},
  journal   = {Journal of Advances in Modeling Earth Systems},
  title     = {Linear Inverse Modeling for Coupled Atmosphere-Ocean Ensemble Climate Prediction},
  year      = {2020},
  month     = jan,
  number    = {1},
  volume    = {12},
  comment   = {Here we expand considerably on Perkins and Hakim (2017) by testing a general method
of LIM formulation aimed at simulating multiple fields for coupled climate forecasts on annual--decadal
timescales.
No DA},
  doi       = {10.1029/2019ms001778},
  file      = {:Perkins2020 - Linear Inverse Modeling for Coupled Atmosphere Ocean Ensemble Climate Prediction.pdf:PDF},
  publisher = {American Geophysical Union ({AGU})},
}

@Article{Perkins2021,
  author    = {W. A. Perkins and G. J. Hakim},
  journal   = {Paleoceanography and Paleoclimatology},
  title     = {Coupled Atmosphere--Ocean Reconstruction of the Last Millennium Using Online Data Assimilation},
  year      = {2021},
  month     = may,
  number    = {5},
  volume    = {36},
  comment   = {DA and general climate fields},
  doi       = {10.1029/2020pa003959},
  file      = {:Perkins2021 - Coupled Atmosphere_Ocean Reconstruction of the Last Millennium Using Online Data Assimilation.pdf:PDF},
  groups    = {Michael Evans + Jonathan Poterjoy + Kayo Ide, Greg Hakim},
  priority  = {prio1},
  publisher = {American Geophysical Union ({AGU})},
}

@Article{Jungclaus2017,
  author    = {Johann H. Jungclaus and Edouard Bard and M{\'{e}}lanie Baroni and Pascale Braconnot and Jian Cao and Louise P. Chini and Tania Egorova and Michael Evans and J. Fidel Gonz{\'{a}}lez-Rouco and Hugues Goosse and George C. Hurtt and Fortunat Joos and Jed O. Kaplan and Myriam Khodri and Kees Klein Goldewijk and Natalie Krivova and Allegra N. LeGrande and Stephan J. Lorenz and J{\"{u}}rg Luterbacher and Wenmin Man and Amanda C. Maycock and Malte Meinshausen and Anders Moberg and Raimund Muscheler and Christoph Nehrbass-Ahles and Bette I. Otto-Bliesner and Steven J. Phipps and Julia Pongratz and Eugene Rozanov and Gavin A. Schmidt and Hauke Schmidt and Werner Schmutz and Andrew Schurer and Alexander I. Shapiro and Michael Sigl and Jason E. Smerdon and Sami K. Solanki and Claudia Timmreck and Matthew Toohey and Ilya G. Usoskin and Sebastian Wagner and Chi-Ju Wu and Kok Leng Yeo and Davide Zanchettin and Qiong Zhang and Eduardo Zorita},
  journal   = {Geoscientific Model Development},
  title     = {The {PMIP}4 contribution to {CMIP}6 {\textendash} Part 3: The last millennium, scientific objective, and experimental design for the {PMIP}4 past1000 simulations},
  year      = {2017},
  month     = nov,
  number    = {11},
  pages     = {4005--4033},
  volume    = {10},
  doi       = {10.5194/gmd-10-4005-2017},
  groups    = {Should read},
  publisher = {Copernicus {GmbH}},
}

